@article{Anshel99analgebraic,
author = {Iris Anshel and Michael Anshel and Dorian Goldfeld},
title = {AN ALGEBRAIC METHOD FOR PUBLIC-KEY CRYPTOGRAPHY},
year = {1999},
masid = {162549}
}
@article{normaf,
author = {DAVID GARBER},
title = {BRAID GROUP CRYPTOGRAPHY PRELIMINARY DRAFT},
masid = {4680529}
}

@INPROCEEDINGS{Ko,
    author = {Ki Hyoung Ko and Sang Jin Lee and Jung Hee Cheon and Jae Woo Han and Ju-sung Kang and Choonsik Park},
    title = {New Public-key Cryptosystem Using Braid Groups},
    booktitle = {Advances in cryptology—CRYPTO 2000 (Santa Barbara, CA), 166–183, Lecture Notes in Comput. Sci. 1880},
    year = {2000},
    pages = {166--183},
    publisher = {Springer}
}

@article{normaltheor,
author = {ELSAYED A. ELRIFAI and HUGH R. MORTON},
title = {ALGORITHMS FOR POSITIVE BRAIDS},
journal = {Quarterly Journal of Mathematics},
volume = {45},
year = {1994},
pages = {479--497},
issue = {4},
doi = {10.1093/qmath/45.4.479},
masid = {2133658}
}

@book{nfobs,
 author = {Epstein, David B. A. and Paterson, M. S. and Camon, G. W. and Holt, D. F. and Levy, S. V. and Thurston, W. P.},
 title = {Word Processing in Groups},
 year = {1992},
 isbn = {0867202440},
 publisher = {A. K. Peters, Ltd.},
 address = {Natick, MA, USA},
} 

@article{attack,
author = {H. Garside},
title = {THE BRAID GROUP AND OTHER GROUPS},
journal = {Quarterly Journal of Mathematics},
volume = {20},
year = {1969},
pages = {235--254},
issue = {1},
doi = {10.1093/qmath/20.1.235},
masid = {2133659}
}

@INPROCEEDINGS{Hattack,
    author = {Dennis Hofheinz and Rainer Steinw},
    title = {A practical attack on some braid group based cryptographic primitives},
    booktitle = {in Public Key Cryptography, 6th International Workshop on Practice and Theory in Public Key Cryptography, PKC 2003 Proceedings, Y.G. Desmedt, ed., Lecture Notes in Computer Science 2567},
    year = {2002},
    pages = {187--198},
    publisher = {Springer}
}

@MISC{length-basedattacks,
    author = {J. Hughes and A. Tannenbaum},
    title = {Length-Based Attacks for Certain Group Based Encryption Rewriting Systems},
    year = {2002}
}

@article{basic,
    author = {Blackburn, Simon R. and Cid, Carlos and Mullan, Ciaran},
    citeulike-article-id = {5030745},
    citeulike-linkout-0 = {http://arxiv.org/abs/0906.5545},
    citeulike-linkout-1 = {http://arxiv.org/pdf/0906.5545},
    day = {30},
    eprint = {0906.5545},
    keywords = {algebra, algorithms, computation, group-theory, mathematics},
    month = jun,
    posted-at = {2009-07-01 18:46:40},
    priority = {2},
    title = {{Group theory in cryptography}},
    url = {http://arxiv.org/abs/0906.5545},
    year = {2009}
}

@MISC{belk-2007,
  author = {James Belk},
  title = {Thompson's Group F},
  url = {http://www.citebase.org/abstract?id=oai:arXiv.org:0708.3609},
  year = {2007}
}

@InProceedings{tom,
author = { J. W. Cannon, W. J. Floyd, and W. R. Parry
},
title = {Introductory notes on Richard
Thompson’s groups},
booktitle = {L’Enseignement Mathematique
},
OPTcrossref = {•},
OPTkey = {•},
OPTpages = {215-256},
year = {1996},
OPTeditor = {•},
OPTvolume = {42},
OPTnumber = {•},
OPTseries = {•},
OPTaddress = {•},
OPTmonth = {•},
OPTorganization = {•},
OPTpublisher = {•},
OPTnote = {•},
OPTannote = {•}
}

@Unpublished{cf,
author = {Martin Kassabov, Francesco Matucci
},
title = {THE SIMULTANEOUS CONJUGACY PROBLEM
IN THOMPSON’S GROUP F
},
note = {Cornall University Library},
OPTkey = {•},
OPTmonth = {July},
year = {2006},
OPTannote = {•}
}